% Encoding: UTF-8
@phdthesis{pmm2014,
   author = {彭明明},
   title = {P2P 网络贷款的问题与对策研究},
   school = {广西大学},
   address = {广西},
   type = {硕士},
   year = {2014},
   type = {{PhD} Dissertation},
   key = {p2m2m2},

}

@article{lsq2014,
   author = {黎四奇},
   title = {我国网络信贷风险规制法律问题研究},
   journal = {法律科学(西北政法大学学报)},
   volume = {32},
   number = {04},
   pages = {133-143},
   ISSN = {1674-5205},
   year = {2014},
   type = {Journal Article},
   key = {l2s4q2}
}

@article{wj2015,
   author = {伍坚},
   title = {我国 P2P 网贷平台监管的制度构建},
   journal = {法学},
   number = {04},
   pages = {92-97},
   ISSN = {1000-4238},
   year = {2015},
   type = {Journal Article},
   key = {w3j1}
}

@article{awhxmy2016,
   author = {安文辉 and 夏梦瑶},
   title = {P2P 网贷平台征信体系建设和监管问题研究},
   journal = {现代商贸工业},
   volume = {37},
   number = {21},
   pages = {117-118},
   ISSN = {1672-3198},
   year = {2016},
   type = {Journal Article},
   key = {a1w2h1x4m4y2}
}

@article{gf2016,
  author  = {郭峰},
  title   = {金融央地关系视角下的 P2P 网络借贷监管},
  journal = {新金融评论},
  year    = {2016},
  number  = {04},
  pages   = {114-137},
  type    = {Journal Article},
  key = {g1f1}
}

@article{tym2017,
   author = {唐应茂},
   title = {中央和地方关系视角下的金融监管——一个小额贷款行业的实证研究},
   journal = {山东大学学报(哲学社会科学版)},
   number = {06},
   pages = {32-42},
   ISSN = {1001-9839},
   year = {2017},
   type = {Journal Article},
   key = {t2y4m4}
}

@article{xsypylwyq2018,
  author  = {徐淑一 and 彭玉磊 and 王奕倩},
  title   = {互联网金融监管对 P2P 借贷平台有效吗——基于人人贷平台大数据的实证检验},
  journal = {金融学季刊},
  year    = {2018},
  volume  = {12},
  number  = {04},
  pages   = {21-68},
  type    = {Journal Article},
  key = {x2s1y1p2y4l2w2y4q4}
}

@article{lsxlh2015,
  author  = {陆松新 and 兰虹},
  title   = {风险投资、第三方资金托管与中国 P2P 网络借贷平台成交量——基于 P2P 网络借贷投资者的视角},
  journal = {投资研究},
  year    = {2015},
  volume  = {34},
  number  = {08},
  pages   = {23-37},
  issn    = {1003-7624},
  type    = {Journal Article},
  key = {l4s1x1l2h2}
}


@article{ddscz2019,
   author = {邓东升 and 陈钊},
   title = {互联网金融风险与投资者风险意识——来自网贷平台交易数据的证据},
   journal = {财贸经济},
   volume = {40},
   number = {02},
   pages = {101-113},
   ISSN = {1002-8102},
   year = {2019},
   type = {Journal Article},
   key = {d4d1s1c2z1}
}