% Encoding: UTF-8
@article{Bachmann2011,
   author = {Bachmann, Alexander and Becker, Alexander and Buerckner, Daniel and Hilker, Michel and Kock, Frank and Lehmann, Mark and Tiburtius, Phillip and Funk, Burkhardt},
   title = {{Online Peer-to-Peer Lending – A Literature Review}},
   journal = {Journal of Internet Banking and Commerce},
   volume = {16},
   number = {2},
   pages = {1},
   ISSN = {1204-5357},
   year = {2011},
   type = {Journal Article}
}

@article{Dietrich2016,
   author = {Dietrich, Andreas and Wernli, Reto},
   title = {{What Drives the Interest Rates in the P2P Consumer Lending Market? Empirical Evidence from Switzerland}},
   journal = {Empirical Evidence from Switzerland (March 30, 2016)},
   year = {2016},
   type = {Journal Article}
}

@article{Duarte2012,
   author = {Duarte, Jefferson and Siegel, Stephan and Young, Lance},
   title = {{Trust and Credit: The Role of Appearance in Peer-to-peer Lending}},
   journal = {The Review of Financial Studies},
   volume = {25},
   number = {8},
   pages = {2455-2484},
   ISSN = {0893-9454},
   year = {2012},
   type = {Journal Article}
}

@article{Komarova2015,
   author = {Komarova Loureiro, Yuliya and Gonzalez, Laura},
   title = {{Competition Against Common Sense: Insights on Peer-to-Peer Lending as a Tool to Allay Financial Exclusion}},
   journal = {International Journal of Bank Marketing},
   volume = {33},
   number = {5},
   pages = {605-623},
   ISSN = {0265-2323},
   year = {2015},
   type = {Journal Article}
}

@article{Ravina2008,
   author = {Ravina, Enrichetta},
   title = {{Love \& Loans: The Effect of Beauty and Personal Characteristics in Credit Markets}},
   journal = {Journal of Finance},
   year = {2008},
   type = {Journal Article}
}

@article{Slattery2013,
   author = {Slattery, Paul},
   title = {{Square Pegs in a Round Hole: SEC Regulation of Online Peer-to-Peer Lending and the CFPB Alternative}},
   journal = {Yale Journal on Regulation},
   volume = {30},
   pages = {233},
   year = {2013},
   type = {Journal Article},
}

@article{ajd2012,
   author = {艾金娣},
   title = {P2P 网络借贷平台风险防范},
   journal = {中国金融},
   number = {14},
   pages = {79-81},
   ISSN = {0578-1485},
   year = {2012},
   type = {Journal Article},
   key = {a4j1d4}
}

@phdthesis{pmm2014,
   author = {彭明明},
   title = {P2P 网络贷款的问题与对策研究},
   school = {广西大学},
   address = {广西},
   type = {硕士},
   year = {2014},
   type = {{PhD} Dissertation},
   key = {p2m2m2},

}

@article{lsq2014,
   author = {黎四奇},
   title = {我国网络信贷风险规制法律问题研究},
   journal = {法律科学(西北政法大学学报)},
   volume = {32},
   number = {04},
   pages = {133-143},
   ISSN = {1674-5205},
   year = {2014},
   type = {Journal Article},
   key = {l2s4q2}
}

@article{wj2015,
   author = {伍坚},
   title = {我国 P2P 网贷平台监管的制度构建},
   journal = {法学},
   number = {04},
   pages = {92-97},
   ISSN = {1000-4238},
   year = {2015},
   type = {Journal Article},
   key = {w3j1}
}

@article{byq2017,
   author = {保燕琴},
   title = {P2P 网贷平台客户资金第三方存管制度研究},
   journal = {淮北职业技术学院学报},
   volume = {16},
   number = {01},
   pages = {92-95},
   ISSN = {1671-8275},
   year = {2017},
   type = {Journal Article},
   key = {b3y4q2}
}

@article{zhhys2014,
   author = {曾江洪 and 杨帅},
   title = {P2P 借贷出借人的羊群行为及其理性检验 —— 基于拍拍贷的实证研究},
   journal = {现代财经(天津财经大学学报)},
   volume = {34},
   number = {07},
   pages = {22-32},
   ISSN = {1005-1007},
   year = {2014},
   type = {Journal Article},
   key = {z1h2h2y2s4}
}

@article{awhxmy2016,
   author = {安文辉 and 夏梦瑶},
   title = {P2P 网贷平台征信体系建设和监管问题研究},
   journal = {现代商贸工业},
   volume = {37},
   number = {21},
   pages = {117-118},
   ISSN = {1672-3198},
   year = {2016},
   type = {Journal Article},
   key = {a1w2h1x4m4y2}
}

@article{gf2016a,
  author  = {郭峰},
  title   = {金融央地关系视角下的 P2P 网络借贷监管},
  journal = {新金融评论},
  year    = {2016},
  number  = {04},
  pages   = {114-137},
  type    = {Journal Article},
  key = {g1f1}
}

@article{gf2016b,
   author = {郭峰},
   title = {P2P 平台，自律为上},
   journal = {金融博览(财富)},
   number = {04},
   pages = {65-67},
   ISSN = {1673-4882},
   year = {2016},
   type = {Journal Article},
   key = {g1f1}
}

@article{gf2017,
   author = {郭峰},
   title = {婚姻状态与网络借贷中的信用识别 —— 来自“人人贷”平台的经验证据},
   journal = {当代经济科学},
   volume = {39},
   number = {03},
   pages = {40-47+125},
   ISSN = {1002-2848},
   year = {2017},
   type = {Journal Article},
   key = {g1f1}
}

@article{tym2017,
   author = {唐应茂},
   title = {中央和地方关系视角下的金融监管 —— 一个小额贷款行业的实证研究},
   journal = {山东大学学报(哲学社会科学版)},
   number = {06},
   pages = {32-42},
   ISSN = {1001-9839},
   year = {2017},
   type = {Journal Article},
   key = {t2y4m4}
}

@article{hqzpms2017,
   author = {何启志 and 彭明生},
   title = {互联网金融、股票市场与中小企业发展},
   journal = {财政研究},
   number = {09},
   pages = {88-101},
   ISSN = {1003-2878},
   year = {2017},
   type = {Journal Article},
   key = {h2q3z4p2m2s1}
}

@article{jyzaq2016,
   author = {蒋彧 and 周安琪},
   title = {P2P 网络借贷中存在地域歧视吗？ —— 来自“人人贷”的经验数据},
   journal = {中央财经大学学报},
   number = {09},
   pages = {29-39},
   ISSN = {1000-1549},
   year = {2016},
   type = {Journal Article},
   key = {j3y4z1a1q2}
}

@article{lygyjlznczhwytyyx2014,
   author = {李焰 and 高弋君 and 李珍妮 and 才子豪 and 王冰婷 and 杨宇轩},
   title = {借款人描述性信息对投资人决策的影响 —— 基于 P2P 网络借贷平台的分析},
   journal = {经济研究},
   volume = {49},
   number = {S1},
   pages = {143-155},
   ISSN = {0577-9154},
   year = {2014},
   type = {Journal Article},
   key = {l3y4g1y4j1l3z1n2c2z3h2w2b1t2y2y3x1}
}

@article{lllmrwzw2014a,
   author = {廖理 and 李梦然 and 王正位},
   title = {聪明的投资者：非完全市场化利率与风险识别 —— 来自 P2P 网络借贷的证据},
   journal = {经济研究},
   volume = {49},
   number = {07},
   pages = {125-137},
   ISSN = {0577-9154},
   year = {2014},
   type = {Journal Article},
   key = {l4l3l3m4r2w2z4w4}
}

@article{lllmrwzwhpf2015,
   author = {廖理 and 李梦然 and 王正位 and 贺裴菲},
   title = {观察中学习：P2P 网络投资中信息传递与羊群行为},
   journal = {清华大学学报(哲学社会科学版)},
   volume = {30},
   number = {01},
   pages = {156-165+184},
   ISSN = {1000-0062},
   year = {2015},
   type = {Journal Article},
   key = {l4l3l3m4r2w2z4w4h4p2f1}
}


@article{lllmrwzw2014b,
   author = {廖理 and 李梦然 and 王正位},
   title = {中国互联网金融的地域歧视研究},
   journal = {数量经济技术经济研究},
   volume = {31},
   number = {05},
   pages = {54-70},
   ISSN = {1000-3894},
   year = {2014},
   type = {Journal Article},
   key = {l4l3l3m4r2w2z4w4}
}

@article{mnnsq2018,
   author = {孟娜娜 and 粟勤},
   title = {软信息对网贷平台借款人的借款获得与违约风险的影响 —— 来自“人人贷”的经验证据},
   journal = {中国流通经济},
   volume = {32},
   number = {03},
   pages = {85-94},
   ISSN = {1007-8266},
   year = {2018},
   type = {Journal Article},
   key = {m4n4n4s4q2}
}

@article{phfylmtxy2016,
   author = {彭红枫 and 杨柳明 and 谭小玉},
   title = {地域差异如何影响 P2P 平台借贷的行为 —— 基于“人人贷”的经验证据},
   journal = {当代经济科学},
   volume = {38},
   number = {05},
   pages = {21-34+124-125},
   ISSN = {1002-2848},
   year = {2016},
   type = {Journal Article},
   key = {p2h2f1y2l3m2t2x3y4}
}

@article{phfzhyzy2016,
   author = {彭红枫 and 赵海燕 and 周洋},
   title = {借款陈述会影响借款成本和借款成功率吗？ —— 基于网络借贷陈述的文本分析},
   journal = {金融研究},
   number = {04},
   pages = {158-173},
   ISSN = {1002-7246},
   year = {2016},
   type = {Journal Article},
   key = {p2h2f1z4h3y4z1y2}
}

@article{phwqlj2017,
   author = {彭惠 and 王琦 and 柳洁},
   title = {关于 P2P 平台风险准备金制度的理论研究},
   journal = {西南金融},
   number = {10},
   pages = {57-63},
   ISSN = {1009-4350},
   year = {2017},
   type = {Journal Article},
   key = {p2h4w2q2l3j2}
}

@article{swjlf2017,
   author = {孙武军 and 刘帆},
   title = {网络借贷中存在性别和婚姻歧视吗？ —— 来自人人贷的经验分析},
   journal = {产业经济评论（山东大学）},
   volume = {16},
   number = {01},
   pages = {120-143},
   year = {2017},
   type = {Journal Article},
   key = {s1w3j1l2f1}
}



@article{whjhl2015,
   author = {王会娟 and 何琳},
   title = {借款描述对 P2P 网络借贷行为影响的实证研究},
   journal = {金融经济学研究},
   volume = {30},
   number = {01},
   pages = {77-85},
   ISSN = {1674-1625},
   year = {2015},
   type = {Journal Article},
   key = {w2h4j1h2l2}
}

@article{whjll2014,
   author = {王会娟 and 廖理},
   title = {中国 P2P 网络借贷平台信用认证机制研究 —— 来自“人人贷”的经验证据},
   journal = {中国工业经济},
   number = {04},
   pages = {136-147},
   ISSN = {1006-480X},
   year = {2014},
   type = {Journal Article},
   key = {w2h4j1l4l3}
}

@article{RN247,
   author = {王会娟 and 张路},
   title = {借款描述对 P2P 借贷行为的影响研究},
   journal = {金融理论与实践},
   number = {08},
   pages = {34-36},
   ISSN = {1003-4625},
   year = {2014},
   type = {Journal Article},
   key = {w2h4j1z1l4}
}

@article{xsypylwyq2018,
  author  = {徐淑一 and 彭玉磊 and 王奕倩},
  title   = {互联网金融监管对 P2P 借贷平台有效吗——基于人人贷平台大数据的实证检验},
  journal = {金融学季刊},
  year    = {2018},
  volume  = {12},
  number  = {04},
  pages   = {21-68},
  type    = {Journal Article},
  key = {x2s1y1p2y4l2w2y4q4}
}

@article{lsxlh2015,
  author  = {陆松新 and 兰虹},
  title   = {风险投资、第三方资金托管与中国 P2P 网络借贷平台成交量 —— 基于 P2P 网络借贷投资者的视角},
  journal = {投资研究},
  year    = {2015},
  volume  = {34},
  number  = {08},
  pages   = {23-37},
  issn    = {1003-7624},
  type    = {Journal Article},
  key = {l4s1x1l2h2}
}

@article{cdyzhzhc2014,
   author = {陈冬宇 and 朱浩 and 郑海超},
   title = {风险、信任和出借意愿 —— 基于拍拍贷注册用户的实证研究},
   journal = {管理评论},
   volume = {26},
   number = {01},
   pages = {150-158},
   ISSN = {1003-1952},
   year = {2014},
   type = {Journal Article},
   key = {c2d1y3z1h4z4h3c1}
}

@article{cx2014,
   author = {陈霄},
   title = {民间借贷成本研究 —— 基于 P2P 网络借贷的实证分析},
   journal = {金融经济学研究},
   volume = {29},
   number = {01},
   pages = {37-48},
   ISSN = {1674-1625},
   year = {2014},
   type = {Journal Article},
   key = {c2x1}
}

@article{cxydz2016,
   author = {陈霄 and 叶德珠},
   title = {中国 P2P 网络借贷利率波动研究},
   journal = {国际金融研究},
   number = {01},
   pages = {83-96},
   ISSN = {1006-1029},
   year = {2016},
   type = {Journal Article},
   key = {c2x1y4d2z1}
}

@article{ydzcx2017,
  title = {标点与字数会影响网络借贷吗——来自人人贷的经验证据},
  author = {叶德珠 and 陈霄},
  journal = {财贸经济},
  volume = {38},
  number = {5},
  pages = {65-79},
  year = {2017},
  key = {y4d2z1c2x1}
}


@article{chmyj2016,
   author = {陈虹 and 马永健},
   title = {P2P 网贷行业利率定价模式研究},
   journal = {当代财经},
   number = {05},
   pages = {45-56},
   ISSN = {1005-0892},
   year = {2016},
   type = {Journal Article},
   key = {c2h2m3y3j4}
}

@article{cjznx2013,
   author = {陈建中 and 宁欣},
   title = {P2P 网络借贷中个人信息对借贷成功率影响的实证研究 —— 以人人贷为例},
   journal = {财务与金融},
   number = {06},
   pages = {13-17},
   ISSN = {1674-3059},
   year = {2013},
   type = {Journal Article}
}

@article{fcwlxmm2017,
   author = {范超 and 王磊 and 解明明},
   title = {新经济业态 P2P 网络借贷的风险甄别研究},
   journal = {统计研究},
   volume = {34},
   number = {02},
   pages = {33-43},
   ISSN = {1002-4565},
   year = {2017},
   type = {Journal Article},
   key = {f4c1w2l3x4m2m2}
}

@article{wlfcxmm2014,
   author = {王磊 and 范超 and 解明明},
   title = {数据挖掘模型在小企业主信用评分领域的应用},
   journal = {统计研究},
   volume = {31},
   number = {10},
   pages = {89-98},
   ISSN = {1002-4565},
   year = {2014},
   type = {Journal Article},
   key = {w2l3f4c1x4m2m2}
}

@article{wxhmloyh2016,
   author = {王修华 and 孟路 and 欧阳辉},
   title = {P2P 网络借贷问题平台特征分析及投资者识别 —— 来自 222 家平台的证据},
   journal = {财贸经济},
   number = {12},
   pages = {71-84},
   ISSN = {1002-8102},
   year = {2016},
   type = {Journal Article},
   key = {w2x1h2m4l4o1y2h1}
}

@article{xqyxl2018,
   author = {肖琦 and 杨晓丽},
   title = {借款者个人特征信息对网贷投资意愿的影响 —— 基于人人贷网络贷款数据分析},
   journal = {中国集体经济},
   number = {04},
   pages = {95-97},
   ISSN = {1008-1283},
   year = {2018},
   type = {Journal Article},
   key = {x1q2y2x3l4}
}


@article{xx2016,
   author = {许鑫},
   title = {P2P 借贷的模式风险与监管研究},
   journal = {财经界（学术版）},
   number = {08},
   pages = {155},
   ISSN = {1009-2781},
   year = {2016},
   type = {Journal Article},
   key = {x3x1}
}


@article{zcxcyhlc2015,
   author = {张春霞 and 蔡炎宏 and 刘淳},
   title = {竞争条件下的 P2P 网贷平台定价策略研究},
   journal = {清华大学学报（自然科学版）},
   volume = {55},
   number = {04},
   pages = {470-474},
   ISSN = {1000-0054},
   year = {2015},
   type = {Journal Article},
   key = {z1c1x2c4y2h2l2c2}
}


@article{zj2018,
   author = {张娟},
   title = {中国互联网金融中的婚姻歧视研究 —— 来自“人人贷”的经验数据},
   journal = {新疆财经},
   number = {01},
   pages = {32-41},
   ISSN = {1007-8576},
   year = {2018},
   type = {Journal Article},
   key = {z1j1}
}

@article{zkpp,
   author = {张科 and 裴平},
   title = {信息不对称、贷款人类型与羊群效应 —— 基于人人贷网络借贷平台数据的研究},
   journal = {经济管理},
   volume = {38},
   number = {06},
   pages = {125-137},
   ISSN = {1002-5766},
   year = {2016},
   type = {Journal Article},
   key = {z1k1p2p2}
}


@article{zyfcxj2018,
   author = {郑迎飞 and 陈晓静},
   title = {P2P 网贷平台本息保障与投资者反应},
   journal = {金融论坛},
   volume = {23},
   number = {01},
   pages = {66-80},
   ISSN = {1009-9190},
   year = {2018},
   type = {Journal Article},
   key = {z4y2f1c2x3j4}
}

@article{zjxsyzx2018,
   author = {朱家祥 and 沈艳 and 邹欣},
   title = {网络借贷：普惠？普骗？与监管科技},
   journal = {经济学（季刊）},
   volume = {17},
   number = {04},
   pages = {1599-1622},
   ISSN = {2095-1086},
   year = {2018},
   type = {Journal Article},
   key = {z1j1x2s3y4z1x1}
}

@article{hypsywjy2016,
  title = {哪类 P2P 平台最容易出问题},
  author = {黄益平 and 沈艳 and 王靖一},
  journal = {财新周刊},
  year = {2016},
  key = {h2y4p2s3y4w2j4y1}
}

@article{gqwly2018,
   author = {龚强 and 王璐颖},
   title = {普惠金融、风险准备金与投资者保护 —— 以平台承诺担保为例},
   journal = {经济学（季刊）},
   volume = {17},
   number = {04},
   pages = {1581-1598},
   ISSN = {2095-1086},
   year = {2018},
   type = {Journal Article},
   key = {g1q2w2l4y3}
}


@article{ddscz2019,
   author = {邓东升 and 陈钊},
   title = {互联网金融风险与投资者风险意识 —— 来自网贷平台交易数据的证据},
   journal = {财贸经济},
   volume = {40},
   number = {02},
   pages = {101-113},
   ISSN = {1002-8102},
   year = {2019},
   type = {Journal Article},
   key = {d4d1s1c2z1}
}